3150 4944
448 443 454 456 ,
823 353 1064 497 Μοᾲ
1292 453 1297 468 ,

463 552 632 612 numero
659 522 726 612 sex
764 527 797 610 Α
826 525 855 608 E
880 529 915 612 Y
943 529 964 610 Ι
995 527 1035 612 O
1063 531 1101 610 U
1133 593 1141 610 .
1190 517 1417 620 Mloulu

461 640 532 726 seu
574 643 700 758 longae
738 636 895 759 septem
922 659 1246 736 enumerantur,
1278 647 1324 728 dt
1355 679 1417 736 a„

460 759 593 877 parvis
621 756 915 870 distinguuntur
941 774 1140 856 accentu,
1165 781 1324 876 praeter
1354 763 1418 846 ul·

462 877 629 968 rimam,
660 877 704 956 dt
735 873 870 955 suntal
900 867 930 985 5⁶⁷
960 875 976 954 l
1006 869 1095 956 dir
1124 873 1151 956 u
1179 900 1239 958 ae.
1269 878 1417 963 Accen-

461 1010 525 1073 tus
556 1017 638 1073 non
673 984 806 1072 solum
841 987 1156 1098 magnitudinem
1186 982 1415 1105 scilprola·

459 1106 617 1188 tionem
646 1105 690 1186 δι
710 1104 978 1215 quantitatem
997 1100 1161 1216 longam
1182 1096 1339 1192 insono
1356 1111 1412 1192 iu·
1553 1175 1554 1218 z

452 1221 595 1312 dicat,
612 1213 680 1302 sed
697 1219 821 1302 etiam
833 1214 1091 1329 qualitatem,
1103 1245 1155 1302 an
1172 1245 1316 1336 nempe
1332 1222 1413 1306 cla·
1509 1325 1511 1330 Ι

455 1363 501 1418 ta
515 1327 561 1417 lit
575 1357 646 1419 aut
660 1329 835 1416 obscura
853 1329 1000 1416 vocalis
1018 1331 1088 1418 illo
1100 1357 1263 1446 gravata
1283 1365 1294 1414 r
1315 1365 1411 1422 nam

455 1475 643 1536 accentus
669 1472 811 1559 apertus
849 1449 976 1530 &ita
1009 1452 1059 1554 ('
1085 1452 1100 1554 )
1134 1443 1408 1564 superposrtus

455 1564 623 1650 denotat
658 1560 951 1672 longitudinem
993 1565 1038 1646 dc
1060 1561 1320 1659 claritatem,
1350 1571 1411 1654 ita

455 1705 502 1764 ut
521 1677 669 1766 rotalis
704 1707 752 1761 eo
778 1673 929 1786 fignata
959 1671 1167 1761 conservet
1199 1682 1408 1796 proprium

454 1797 499 1880 &
519 1793 746 1880 naturalem
768 1789 941 1892 sonum3
966 1818 1161 1876 accentus
1180 1821 1275 1879 vero
1304 1797 1408 1878 clau·

444 1913 511 2018 sus
529 1911 577 2013 (1⁴
602 1913 618 2016 )
650 1936 747 2010 curn
765 1904 1017 2018 longitudine
1037 1905 1329 1994 obscuritatem
1359 1915 1404 1996 ὃς
1463 1953 1465 1958 ·

455 2020 539 2108 soni
566 2028 784 2110 mixturam
805 2021 968 2107 innuit.

519 2167 580 2224 12.
618 2139 691 2226 His
705 2138 917 2253 principiis
956 2131 1301 2254 firmiterposrtis,
1339 2170 1409 2229 ve·
1465 2141 1480 2198 ·'

450 2259 605 2340 niamus
620 2256 786 2338 tandem
807 2257 856 2334 ad
868 2251 1165 2338 instaurandam
1181 2257 1290 2340 novis
1301 2255 1411 2342 litte-

458 2374 511 2454 ris
552 2399 598 2455 ac
618 2357 735 2482 signis
768 2364 1020 2450 Melitensem
1040 2367 1409 2488 orthographiam,

452 2487 524 2570 ubi
536 2513 673 2570 omnes
689 2483 840 2568 litteras
859 2483 997 2568 ordine
1024 2479 1278 2602 disponemus
1293 2491 1411 2595 juxta

459 2753 1402 2792 Μ

442 2932 509 3010 pus
541 2895 618 2984 soni
640 2957 650 2988 ‚
671 2930 717 2978 an
745 2917 872 2999 nempe
896 2908 1011 2978 breve
1031 2910 1183 2982 celerat
1204 2911 1313 3010 fugax
1332 2919 1406 2992 sit,

447 3029 508 3076 seu
519 3007 679 3096 longum,
698 3017 734 3068 et
754 2998 852 3088 quasi
863 2995 1004 3091 duplicis
1026 3001 1126 3070 soni:
1154 3003 1246 3074 uude
1267 3011 1403 3084 vocalis

443 3117 579 3190 parva,
604 3113 693 3186 quae
709 3089 836 3158 dicitur
857 3081 965 3160 stiam
986 3097 1113 3172 motio,
1141 3115 1185 3163 eo
1205 3096 1297 3188 quod
1317 3121 1403 3171 mo.

426 3247 429 3254 ,
443 3185 568 3258 vendis
579 3181 737 3251 consonis
750 3178 923 3259 inservit,
938 3180 1035 3251 valet
1047 3183 1170 3252 brevis
1181 3234 1192 3262 ,
1205 3203 1246 3255 ut
1266 3209 1400 3282 magna

444 3282 461 3366 l
476 3301 537 3350 eeu
551 3283 666 3346 Mater
675 3268 848 3343 Lectionis
862 3273 963 3356 juxta
973 3277 1145 3358 veteres)
1157 3275 1253 3348 valet
1265 3277 1401 3375 longa..
