3126 4954
13 1467 14 1480 '
59 1527 64 1534 -
164 1469 287 1552 teris.

507 374 662 514 iro
689 377 758 512 e
875 515 880 526 ,

150 543 225 629 liae
240 537 446 626 scribenda
470 541 666 637 didiione,
701 571 805 658 quae
825 563 1001 660 quatuor
1016 565 1104 632 tan·

152 686 241 744 tum
276 651 431 763 constat
462 650 568 740 sonis
602 721 615 752 ,
663 685 838 771 quatuor
872 681 962 743 utar
995 655 1106 744 litte-

152 779 205 860 ris
226 779 241 882 (
259 775 315 880 2.)
337 803 350 870 ;
379 767 491 856 secus
506 771 740 860 necessariae
757 773 884 857 elient
903 778 1025 868 ocio,
1056 803 1105 862 ae

150 891 321 1010 proinde
351 915 455 972 nova
472 883 668 972 scribendi
691 894 845 974 ratione
883 887 1105 1006 prolixior,
1279 910 1281 920 ’

149 1004 386 1101 obscurior,
421 1027 545 1132 atque
561 1001 759 1088 molestior
776 1001 873 1087 ell'et
902 1004 999 1088 haec
1030 1005 1107 1088 du·

150 1121 307 1238 plicata
336 1113 411 1201 five
443 1116 646 1235 trrplicata
673 1118 902 1235 scriptura.
949 1123 1009 1202 uti
1039 1119 1111 1204 ad·

152 1239 235 1322 huc
265 1235 431 1432 puidam
460 1258 509 1317 ex
540 1231 677 1324 nostris
717 1235 871 1318 fecere.
902 1233 1026 1348 Quod
1060 1234 1110 1316 de
1276 1257 1281 1268 ⁴

156 1354 238 1438 boe
283 1378 364 1439 ono
405 1373 452 1432 ac
491 1351 602 1462 cyira
638 1352 804 1463 dicam,
845 1348 910 1432 dic
958 1351 1006 1434 de
1045 1375 1112 1434 ee·

217 1609 255 1691 7.
315 1577 492 1664 Ultimus
527 1579 693 1664 tandem
717 1579 941 1664 dentalium
958 1575 1112 1678 sonus,

161 1713 293 1814 „ruem¹
312 1723 381 1811 per
408 1693 560 1807 cysram
587 1697 694 1780 hanc
738 1696 766 1784 3
809 1693 1018 1789 describo,
1043 1696 1114 1780 ha·

160 1817 232 1904 bet
260 1811 358 1922 quid
376 1805 508 1892 similis
530 1813 697 1902 eumz,
732 1811 796 1893 sed
823 1808 980 1902 differt,
1013 1815 1111 1924 quia

124 1939 126 1944 ’
163 1931 363 2014 formatur
389 1923 486 2008 sorti
510 1927 594 2008 ictu
627 1931 669 2008 in
686 1929 940 2012 extremitate
960 1925 1120 2036 linguae

165 2071 260 2127 eum
286 2035 445 2126 stridore
465 2101 477 2132 ,
510 2043 554 2122 dc
574 2041 709 2126 italice
731 2041 890 2124 auditur
909 2045 952 2124 in
971 2043 1117 2123 didiio·
1231 2115 1233 2122 .

169 2162 286 2242 nibus
301 2152 451 2270 Zampa
474 2218 485 2248 ,
516 2183 765 2272 znntpogna,
787 2155 975 2272 zarnpillo
1002 2153 1113 2247 ,sed

169 2273 312 2360 fortius
336 2266 445 2385 quast
468 2271 542 2355 Tzs
572 2299 656 2354 uno
685 2272 822 2388 spiritu
857 2269 1039 2402 prol-ata3
1071 2293 1117 2354 ut
1276 2275 1278 2282 ⁴

174 2385 340 2474 Zannllr
368 2385 518 2478 cardus,
542 2385 672 2497 gakak
691 2387 870 2470 moracella
891 2413 971 2482 avts
992 2409 1087 2470 nota
1106 2443 1121 2482 .

14 2553 16 2582 .
58 2513 63 2524 “
140 2534 263 2618 ·quae
280 2501 384 2582 habet
401 2501 547 2584 caudam
559 2501 702 2612 semper
721 2525 938 2592 trementem,
955 2497 999 2586 s?
1021 2513 1123 2586 ince-

16 2673 18 2678 .
175 2621 230 2701 dit
248 2640 342 2699 azotu
354 2616 580 2724 subsultanti
595 2679 604 2698 .
622 2619 915 2701 LINGUALES
932 2617 1040 2729 apud
1052 2642 1121 2699 nos

175 2733 271 2816 sunt
301 2731 504 2848 quinque,
536 2758 678 2848 nempe
707 2731 743 2817 T
775 2737 811 2813 D
839 2737 869 2811 L
900 2733 936 2811 N
970 2737 1024 2822 R,
1055 2728 1128 2844 qui

181 2848 260 2930 illis
290 2844 479 2928 italorum
506 2841 614 2928 'sont
648 2843 824 2941 similes,
851 2846 1035 2958 ideoque
1063 2873 1131 2958 ey·

182 2963 262 3044 fras
283 2957 437 3043 easdem
458 2959 628 3076 adopto.

241 3087 278 3159 8.
325 3077 475 3162 Pariter
493 3079 673 3186 quinque
692 3071 784 3160 sunt
803 3077 1054 3160 PALATINI
1070 3065 1130 3156 so·
1257 3139 1277 3169 ,,

183 3191 254 3284 ni,
279 3191 348 3301 qui
380 3192 423 3271 in
449 3192 525 3273 oris
558 3187 694 3306 palato
725 3213 942 3274 creantur.
974 3191 1044 3278 His
1065 3217 1132 3310 cy-

185 3299 442 3416 srasadfigno
470 3311 488 3414 J
519 3305 552 3388 K
583 3305 616 3388 'l
648 3307 681 3386 Γ
712 3307 770 3388 Ἰ.
801 3313 899 3410 De]
934 3309 978 3388 dc
1009 3309 1042 3388 Κ
1074 3301 1131 3388 nil

80 3484 94 3533 ,ι
169 3417 251 3538 'hic
281 3419 446 3519 dicam3
476 3418 580 3502 idem
612 3423 718 3502 enim
752 3419 888 3506 valent
916 3447 961 3503 ae
992 3423 1034 3502 in
1064 3445 1135 3503 vo·
1264 3461 1290 3521 χ

184 3538 297 3619 cibus
325 3540 513 3638 loannes,
547 3533 737 3619 Kalendas
756 3596 777 3629 ‚.

251 3712 255 3724 ·
303 3649 465 3746 'lvere
495 3649 538 3730 ὃ(
573 3651 609 3730 Γ
642 3645 737 3734 sunt
770 3653 806 3732 C
845 3653 888 3732 ὃ(
918 3647 1135 3766 Gllatino·
1267 3611 1268 3616 l
1409 3715 1414 3728 .

189 3757 281 3848 runa
312 3788 401 3850 ante
431 3795 450 3846 e
480 3763 579 3863 dci,
612 3767 655 3848 de
670 3765 847 3876 gaudent
873 3763 968 3850 sono
999 3768 1135 3852 claro·

725 3887 757 3966 E
952 3903 961 3914 ,,
1129 3887 1151 3902 ..
